<record><leader>00000cas a2200000 a 4500</leader><controlfield tag="001">26239754</controlfield><controlfield tag="008">920722c19219999orucr n       0    0eng c</controlfield><datafield ind1=" " ind2=" " tag="010"><subfield code="a">sn 00063662 </subfield></datafield><datafield ind1=" " ind2=" " tag="040"><subfield code="a">ORY</subfield><subfield code="b">eng</subfield><subfield code="c">ORY</subfield><subfield code="d">OCN</subfield><subfield code="d">OCLCQ</subfield><subfield code="d">OCLCF</subfield><subfield code="d">OCLCO</subfield></datafield><datafield ind1=" " ind2=" " tag="042"><subfield code="a">pcc</subfield></datafield><datafield ind1=" " ind2=" " tag="043"><subfield code="a">n-us-or</subfield></datafield><datafield ind1="0" ind2="0" tag="245"><subfield code="a">Central Oregonian.</subfield></datafield><datafield ind1="1" ind2=" " tag="246"><subfield code="i">Issues for Dec. 7, 1939-Apr. 4, 1940 called:</subfield><subfield code="a">Central Oregonian with which is consolidated Crook County news</subfield></datafield><datafield ind1="1" ind2=" " tag="246"><subfield code="i">Issues for Oct. 15, 1953-Mar. 25, 1954 called:</subfield><subfield code="a">Central Oregonian and tribune</subfield></datafield><datafield ind1="3" ind2="0" tag="246"><subfield code="a">Monday Central Oregonian</subfield></datafield><datafield ind1=" " ind2=" " tag="260"><subfield code="a">Prineville, Crook County, Or. :</subfield><subfield code="b">Crook County Pub. Co.,</subfield><subfield code="c">1921-</subfield></datafield><datafield ind1=" " ind2=" " tag="300"><subfield code="a">v.</subfield></datafield><datafield ind1=" " ind2=" " tag="310"><subfield code="a">Semiweekly,</subfield><subfield code="b">Jan. 17, 1972-</subfield></datafield><datafield ind1=" " ind2=" " tag="321"><subfield code="a">Weekly,</subfield><subfield code="b">July 14, 1921-Jan. 13, 1972</subfield></datafield><datafield ind1="0" ind2=" " tag="362"><subfield code="a">Vol. 25, no. 43 (July 14, 1921)-</subfield></datafield><datafield ind1=" " ind2=" " tag="500"><subfield code="a">On Mondays published as: Monday Central Oregonian, Jan. 17, 1972-May 14, 1973.</subfield></datafield><datafield ind1=" " ind2=" " tag="530"><subfield code="a">Also issued on microfilm from University of Oregon.</subfield></datafield><datafield ind1=" " ind2=" " tag="588"><subfield code="a">Latest issue consulted: Vol. 118, no. 104 (Nov. 30, 2000).</subfield></datafield><datafield ind1=" " ind2="0" tag="651"><subfield code="a">Prineville (Or.)</subfield><subfield code="v">Newspapers.</subfield></datafield><datafield ind1=" " ind2="0" tag="651"><subfield code="a">Crook County (Or.)</subfield><subfield code="v">Newspapers.</subfield></datafield><datafield ind1=" " ind2="7" tag="655"><subfield code="a">Newspapers.</subfield><subfield code="2">fast</subfield><subfield code="0">(OCoLC)fst01423814</subfield></datafield><datafield ind1=" " ind2="7" tag="651"><subfield code="a">Oregon</subfield><subfield code="z">Crook County.</subfield><subfield code="2">fast</subfield><subfield code="0">(OCoLC)fst01208265</subfield></datafield><datafield ind1=" " ind2="7" tag="651"><subfield code="a">Oregon</subfield><subfield code="z">Prineville.</subfield><subfield code="2">fast</subfield><subfield code="0">(OCoLC)fst01221364</subfield></datafield><datafield ind1=" " ind2=" " tag="752"><subfield code="a">United States</subfield><subfield code="b">Oregon</subfield><subfield code="c">Crook</subfield><subfield code="d">Prineville.</subfield></datafield><datafield ind1="0" ind2="4" tag="780"><subfield code="t">Call (Prineville, Or.)</subfield></datafield><datafield ind1="0" ind2="4" tag="780"><subfield code="t">Crook County journal</subfield><subfield code="w">(DLC)sn 00063661</subfield></datafield><datafield ind1="0" ind2="5" tag="780"><subfield code="t">Crook County news (Prineville, Or.)</subfield><subfield code="w">(DLC)sn 00063657</subfield></datafield><datafield ind1="0" ind2="5" tag="780"><subfield code="t">Tribune (Prineville, Or.)</subfield><subfield code="w">(DLC)sn 00063652</subfield></datafield></record>